% This file was created with JabRef 2.10.
% Encoding: Cp1252


@Book{kap2-evolution,
  Title                    = {An  Introduction to Genetic Algorithms},
  Author                   = {Mitchell, Melanie},
  Year                     = {1998},
  ISBN                     = {0262631857},
  Publisher                = {MIT Press}
}

